1832 3172
363 363 444 460 C.
492 360 966 457 CORNELII
1008 359 1331 428 TACITI

272 534 274 537 ,
313 518 410 531 ..u
823 497 876 524 Aa

441 583 745 635 EXCESSU
776 583 930 635 DIVI
961 578 1269 633 AUGUSTI

134 800 142 808 .
428 841 937 935 manabanm‘rns
976 822 1287 886 DECIMnS.

667 973 672 982 ,
710 951 1008 977 ῥ’-

572 1024 924 1065 BREV'IARIUM
975 1024 1139 1065 LIBRI.

220 1137 231 1147 .
244 1110 286 1146 1.
300 1108 340 1145 9..
372 1104 558 1154 Vologeses
578 1103 657 1140 Rex
675 1101 903 1139 Parthorum
922 1101 1055 1140 bellum
1072 1106 1192 1139 mente
1213 1102 1341 1146 volvit,
1360 1101 1573 1150 instiganti-

138 1169 143 1173 ·
163 1155 165 1158 ’
182 1166 185 1167 ’
212 1166 254 1201 us
258 1156 390 1210 fratre
407 1153 580 1194 Tiridate
593 1160 634 1192 et
653 1155 856 1192 Monobazo
866 1153 1070 1197 Adiabena,
1090 1167 1196 1204 quem
1219 1155 1396 1204 Tigranes
1412 1157 1576 1192 vexarat.

142 1213 150 1219 ’
180 1207 227 1253 <3.
257 1210 413 1249 Corbulo
432 1209 550 1259 Syriae
577 1209 718 1246 tuendae
739 1206 921 1257 providet.
973 1210 1010 1244 4.
1040 1207 1178 1244 Parthi
1210 1207 1358 1244 Monese
1384 1207 1493 1243 Duce
1513 1206 1577 1242 Ti-

182 1267 408 1315 granocerta
437 1262 612 1299 obsident.
676 1264 714 1298 5.
755 1259 919 1307 Vologesi
948 1258 1104 1296 Corbulo
1131 1260 1297 1297 inducias
1324 1259 1434 1309 offert
1458 1263 1494 1296 et
1521 1260 1577 1294 in-

186 1319 327 1367 petrae.
385 1317 423 1353 6.
453 1314 628 1356 Caesennii
646 1312 745 1349 Paeti
770 1312 955 1348 Armenia?
979 1323 1100 1348 recens
1124 1312 1293 1363 proefecti
1321 1314 1484 1355 vanitas,
1536 1314 1577 1354 7.

187 1372 228 1407 8.
243 1366 408 1418 ferocia,
438 1367 628 1416 inperitia,
646 1363 847 1413 jactantia.
901 1369 938 1403 9.
966 1364 1023 1401 Ab
1045 1365 1252 1402 invadenda
1278 1363 1390 1415 Syria
1419 1363 1576 1405 Corbulo

186 1419 368 1459 absterret
395 1419 573 1464 Parthos,
601 1420 664 1468 qui
721 1422 781 1454 10.
820 1417 1004 1453 Armeniae
1029 1420 1066 1453 et
1092 1418 1197 1454 Paeto
1228 1416 1451 1454 incumbunt.
1502 1416 1578 1456 Hic

186 1483 286 1522 agre
313 1471 550 1511 Corbulonem
578 1471 718 1508 aux-ilio
745 1473 866 1511 vocat,
923 1472 983 1506 11.
1017 1466 1172 1507 Parthis
1193 1470 1451 1519 prementibus.
1509 1469 1569 1506 12.

188 1524 244 1571 Is,
263 1525 303 1562 in
319 1525 534 1562 Armeniam
549 1522 748 1574 prosectuS,
756 1520 948 1571 fugientes
965 1520 1147 1572 objurgat,
1165 1534 1249 1559 suos
1274 1521 1458 1560 hortatur.
1515 1524 1577 1558 13.

135 1579 148 1609 -“
193 1576 382 1628 Vologeses
407 1578 523 1614 instat
551 1576 666 1613 Paeto.
721 1578 781 1612 14.
811 1574 1045 1624 Disceptatio
1072 1577 1170 1613 inter
1197 1575 1384 1613 Romanos
1410 1578 1448 1610 et
1478 1573 1575 1610 Par-

188 1629 286 1675 thos,
305 1641 350 1667 ex
367 1641 440 1679 qua
486 1631 547 1675 15.
574 1629 671 1665 Poeti
687 1626 794 1678 foeda
819 1628 1042 1677 compositio.
1097 1631 1158 1664 16.
1198 1627 1354 1665 Corbulo
1381 1628 1421 1664 in
1445 1627 1578 1663 Arme-

189 1682 294 1727 ‚niam
319 1683 429 1720 venit.
484 1684 543 1723 17.
572 1681 677 1718 Paeto
702 1680 881 1728 increpito
908 1679 1056 1728 Syriam
1082 1682 1227 1729 repetit.
1284 1683 1344 1717 18.
1378 1679 1504 1716 Romae
1519 1680 1578 1715 in-

187 1735 280 1772 ania
297 1735 342 1771 de
358 1733 514 1771 Parthis
530 1738 679 1782 tropaea.
734 1732 966 1769 Rumentum
982 1732 1109 1781 plebis.
1168 1732 1383 1780 Vectigalia.

244 1789 304 1831 19.
347 1784 419 1824 SC.
447 1787 493 1823 de
516 1786 700 1822 simulatis
726 1785 995 1833 adoptionibus.
1046 1787 1111 1824 20.
1129 1788 1194 1824 21.
1225 1784 1403 1823 Claudius
1432 1784 1578 1822 Timar-

186 1837 278 1877 clm
294 1837 475 1876 Cretensis
500 1838 712 1879 adcusatur,
733 1837 829 1885 quod
854 1837 1015 1874 Thrasea
1034 1837 1159 1876 Paetus
1176 1839 1226 1874 ad
1244 1838 1374 1876 bonum
1386 1837 1574 1886 publicum

191 1891 317 1928 vertit.
367 1893 433 1929 22.
459 1891 673 1933 Decretum,
688 1894 813 1939 grates
831 1890 1053 1927 Praesidibus
1071 1902 1141 1927 non
1160 1891 1330 1938 agendas.
1385 1889 1579 1929 Portenta.

190 1946 259 1987 28.
297 1941 351 1979 Ob
372 1943 500 1993 filiam
531 1942 669 1979 Neroni
696 1946 824 1979 natam
842 1942 1025 1979 inmodica
1038 1944 1182 1990 gaudia
1194 1949 1231 1980 et
1237 1941 1472 1992 frustranea.
1530 1942 1578 1983 In

195 1996 396 2035 Thraseam
413 1995 600 2044 Principis
616 1995 751 2032 odium.

241 2050 307 2086 24.
334 2047 470 2098 Legati
499 2047 725 2084 Parthorum
752 2045 880 2084 Romae
902 2048 1083 2085 inrisores.
1134 2050 1199 2086 25.
1233 2047 1340 2086 Bello
1357 2046 1578 2084 Armeniaco

186 2100 392 2151 preficitur
410 2099 579 2137 Corbulo.
637 2099 790 2136 Paezum.
808 2099 930 2137 Caesar
945 2098 1101 2150 facetiis
1127 2101 1340 2138 insectatur.
1393 2102 1457 2137 26.
1487 2099 1577 2137 Cor-

191 2152 276 2190 bulo
294 2153 332 2190 in
348 2152 563 2189 Armeniam
581 2152 682 2188 ducit
696 2152 902 2189 exercitum.
946 2155 1012 2195 27.
1040 2152 1200 2201 Legatos
1213 2152 1443 2190 Parthorum
1460 2152 1580 2190 audit.

189 2203 407 2256 Deseetores
432 2206 626 2241 Armenios
653 2205 851 2240 ulciscitur.
907 2207 1077 2243 28—30.
1115 2206 1300 2243 Tiridates
1325 2217 1349 2240 a
1379 2204 1580 2242 Corbulone

187 2266 319 2308 paoem
334 2258 430 2306 petit
447 2262 497 2298 et,
513 2259 635 2305 posito
653 2257 753 2306 apud
777 2256 931 2306 effigiem
949 2257 1100 2294 Caesaris
1118 2259 1253 2307 insigni
1265 2258 1381 2306 Regio
1399 2259 1577 2306 inpetrat,

189 2310 413 2359 comiterque
436 2310 616 2359 excipitur
633 2321 657 2345 a
676 2309 888 2347 Corbulone.
940 2313 1006 2348 81.
1038 2309 1221 2360 Vologesis
1244 2322 1314 2360 pro
1326 2308 1459 2360 fratre
1472 2309 1576 2346 solli-

239 2417 307 2452 32.
329 2414 486 2463 Alpinos
496 2415 700 2451 maritimos
709 2414 807 2450 Nero
820 2413 925 2462 injus
936 2414 1040 2452 Latii
1052 2414 1244 2465 transfert.
1274 2415 1457 2463 Equitum
1467 2413 1578 2452 Rom.

191 2468 232 2504 in
247 2468 344 2504 circo
361 2467 456 2504 locos
473 2467 644 2504 sedilibus
667 2467 783 2516 plebis
805 2469 1006 2516 anteponit.
1059 2468 1214 2504 Feminoe
1234 2468 1403 2504 inlustres
1420 2467 1576 2505 Senato-

146 2530 317 2571 “resque
341 2519 379 2555 in
404 2530 531 2556 arena.
596 2521 660 2570 83.
693 2519 792 2555 Nero
816 2520 890 2568 ipse
917 2520 1076 2568 Neapoli
1101 2531 1245 2556 scenam
1269 2519 1461 2557 inscendit.
1511 2523 1578 2557 34.

199 2570 397 2609 matrum
413 2572 502 2608 ruit.
557 2571 755 2608 Beneventi
775 2570 873 2608 Nero
890 2584 1018 2609 munus
1035 2571 1174 2609 Vatinii
1191 2576 1346 2620 spectat.
1389 2575 1455 2610 35.
1490 2572 1579 2609 Tor·

193 2627 344 2670 quatum
377 2622 547 2660 Silanum
581 2625 675 2660 mori
709 2624 841 2671 adigit.
907 2623 972 2662 36.
1013 2624 1089 2660 Iter
1112 2623 1268 2674 frustra
1305 2625 1507 2662 meditatur
1540 2625 1580 2660 in

196 2675 390 2714 Orientem.
441 2679 504 2718 37.
539 2676 710 2713 Convivia
738 2676 826 2712 luxu
847 2676 953 2727 foeda
980 2676 1152 2721 celebrat,
1180 2679 1348 2715 ministro
1385 2677 1578 2727 Tigellino.

196 2726 419 2776 Pythagoroe
444 2728 561 2765 nubit.
612 2731 676 2765 38.
712 2727 842 2764 Clades
870 2727 996 2765 Romae
1024 2741 1068 2766 ex
1091 2730 1270 2775 incendio,
1285 2729 1407 2780 forte,
1429 2741 1476 2766 an
1495 2729 1579 2765 dolo

198 2778 394 2828 Principis,
415 2782 477 2830 qui
514 2784 578 2818 39.
606 2782 644 2817 in
662 2781 859 2817 remedium
875 2782 993 2818 multa
1005 2782 1202 2830 popularia
1220 2787 1386 2831 usurpat.
1428 2786 1491 2818 40.
1511 2784 1576 2818 41.

201 2830 327 2868 Cladis
346 2832 569 2881 magnitudo.
607 2833 721 2870 Novae
738 2833 838 2871 urbis
850 2834 1042 2871 condenda.»
1056 2835 1253 2872 consilium.
1294 2837 1356 2872 4⁶2.
1379 2834 1581 2884 Espatriae
